%FPFH
@inproceedings{Rusu:2009:FPF:1703435.1703733,
 author = {Rusu, Radu Bogdan and Blodow, Nico and Beetz, Michael},
 title = {Fast Point Feature Histograms (FPFH) for 3D Registration},
 booktitle = {Proceedings of the 2009 IEEE International Conference on Robotics and Automation},
 series = {ICRA'09},
 year = {2009},
 isbn = {978-1-4244-2788-8},
 location = {Kobe, Japan},
 pages = {1848--1853},
 numpages = {6},
 url = {http://dl.acm.org/citation.cfm?id=1703435.1703733},
 acmid = {1703733},
 publisher = {IEEE Press},
 address = {Piscataway, NJ, USA},
}
%ISS
@inproceedings{ISS,
author = {Zhong, Yu},
year = {2009},
month = {11},
pages = {689 - 696},
title = {Intrinsic shape signatures: A shape descriptor for 3D object recognition},
journal = {IEEE International Conference on Computer Vision Workshops},
doi = {10.1109/ICCVW.2009.5457637}
}

%in-hand scanning with online loop closure
@INPROCEEDINGS{5457479,
author={T. {Weise} and T. {Wismer} and B. {Leibe} and L. {Van Gool}},
booktitle={2009 IEEE 12th International Conference on Computer Vision Workshops, ICCV Workshops},
title={In-hand scanning with online loop closure},
year={2009},
volume={},
number={},
pages={1630--1637},
keywords={image scanners;solid modelling;three-dimensional displays;online loop closure;3D range scanner;3D inhand scanning system;3D object model;3D patches;scanning errors;error handling procedure;Deformable models;Pipelines;Computer vision;Turning;Conferences;Cameras;Laboratories;Real time systems;Clouds;Cultural differences},
doi={10.1109/ICCVW.2009.5457479},
ISSN={null},
month={Sep.},}

%kinectfusion real-time 3d reconstruction and interaction using a moving depth camera
@inproceedings{Izadi:2011:KRR:2047196.2047270,
 author = {Izadi, Shahram and Kim, David and Hilliges, Otmar and Molyneaux, David and Newcombe, Richard and Kohli, Pushmeet and Shotton, Jamie and Hodges, Steve and Freeman, Dustin and Davison, Andrew and Fitzgibbon, Andrew},
 title = {KinectFusion: Real-time 3D Reconstruction and Interaction Using a Moving Depth Camera},
 booktitle = {Proceedings of the 24th Annual ACM Symposium on User Interface Software and Technology},
 series = {UIST '11},
 year = {2011},
 isbn = {978-1-4503-0716-1},
 location = {Santa Barbara, California, USA},
 pages = {559--568},
 numpages = {10},
 url = {http://doi.acm.org/10.1145/2047196.2047270},
 doi = {10.1145/2047196.2047270},
 acmid = {2047270},
 publisher = {ACM},
 address = {New York, NY, USA},
 keywords = {3D, AR, GPU, depth cameras, geometry-aware interactions, physics, surface reconstruction, tracking},
}

%poisson surface reconstruction
@inproceedings{Kazhdan:2006:PSR:1281957.1281965,
 author = {Kazhdan, Michael and Bolitho, Matthew and Hoppe, Hugues},
 title = {Poisson Surface Reconstruction},
 booktitle = {Proceedings of the Fourth Eurographics Symposium on Geometry Processing},
 series = {SGP '06},
 year = {2006},
 isbn = {3-905673-36-3},
 location = {Cagliari, Sardinia, Italy},
 pages = {61--70},
 numpages = {10},
 url = {http://dl.acm.org/citation.cfm?id=1281957.1281965},
 acmid = {1281965},
 publisher = {Eurographics Association},
 address = {Aire-la-Ville, Switzerland, Switzerland},
}

%advancing front
@article{advance_front,
author = {Wang, Xiaochao and Cao, Junjie and Liu, Xiuping and Li, Baojun},
year = {2011},
month = {06},
pages = {1048 - 1054},
title = {Advancing front method in triangular meshes hole-filling application},
volume = {23},
journal = {Jisuanji Fuzhu Sheji Yu Tuxingxue Xuebao/Journal of Computer-Aided Design and Computer Graphics}
}
